@article{vdl2007super,
  title={Super learner},
  author={Van der Laan, Mark J and Polley, Eric C and Hubbard, Alan E},
  journal={Statistical applications in genetics and molecular biology},
  volume={6},
  number={1},
  year={2007}
}

@book{vdl2011targeted,
  title={Targeted learning: causal inference for observational and experimental
    data},
  author={Van der Laan, Mark J and Rose, Sherri},
  year={2011},
  publisher={Springer Science \& Business Media}
}
